/home/david/Documents/library.bib