@misc{fangor-in-viva,
author = {Hans Fanghor},
howpublished = {Personal communication},
year = 2014,
}

@Comment{a pdf of the email is located in "corrections/mike-donahue-on-oommf-m-length-handling.pdf"}
@misc{fangor-donahue-email,
author = {Fanghor, Hans and Donahue, Mike},
howpublished = {Personal communication},
year = 2014,
}

@misc{scipy,
  author =    {Eric Jones and Travis Oliphant and Pearu Peterson and others},
  title =     {{SciPy}: Open source scientific tools for {Python}},
  year =      {2001--},
  url = "http://www.scipy.org/"
}
