
@misc{suessco-website,
author = {Suess, Dieter and Schrefl, Thomas},
title = {{SuessCo Simulations}},
url = {http://suessco.com/simulations/},
howpublished = {\url{http://suessco.com/simulations/}},
year = {2012},
month = {March},
urldate = {20/3/2012}
}


@misc{oommf-website,
author = {Donahue, Michael J.},
title = {{OOMMF website}},
url = {http://math.nist.gov/oommf/},
howpublished = {\url{http://math.nist.gov/oommf/}},
year = {2012},
month = {March},
urldate = {6/3/2012}
}


@misc{fastmag-website,
author = {Lomakin, V.},
booktitle = {University of California, Department of Electrical and Computer Engineering website},
keywords = {fastmag},
title = {{FastMag micromagnetic simulator}},
url = {http://cem01.ucsd.edu/index\_files/fastmag.html},
howpublished = {\url{http://cem01.ucsd.edu/index\_files/fastmag.html}},
year = {2012},
month = {March},
urldate = {22/03/2012}
}


@misc{magpar-website,
author = {Scholz, Werner},
title = {{MagparWiki}},
url = {http://www.magpar.net/},
howpublished = {\url{http://www.magpar.net/}},
year = {2012},
month = {March},
urldate = {22/03/2012}
}

@misc{oomph-lib-website,
author = {Heil, Matthias and Hazel, Andrew},
title = {oomph-lib homepage},
url = {http://oomph-lib.maths.man.ac.uk/doc/html/index.html},
howpublished = {\url{http://oomph-lib.maths.man.ac.uk/doc/html/index.html}},
year = {2012},
month = {March},
urldate = {20/3/2012}
}

@misc{nmag-website,
author = {Fangohr, Hans and Fischbacher, Thomas and Franchin, Matteo},
title = {{Nmag home}},
url = {http://nmag.soton.ac.uk/nmag/},
howpublished = {\url{http://nmag.soton.ac.uk/nmag/}},
year = {2012},
month = {March},
urldate = {22/03/2012}
}

@misc{mumag-website,
author = {McMichael, Bob},
title = {{$\mu$MAG -- Micromagnetic Modeling Activity Group}},
url = {http://www.ctcms.nist.gov/~rdm/mumag.org.html},
howpublished = {\url{http://www.ctcms.nist.gov/~rdm/mumag.org.html}},
year = {2012},
month = {March},
urldate = {20/03/2012}
}
